@article{de2005max,
  title={Max min ant system and capacitated p-medians: Extensions and improved solutions},
  author={De Fran{\c{c}}a, Fabr{\'\i}cio Olivetti and Von Zuben, Fernando J and De Castro, Leandro Nunes},
  journal={Informatica},
  volume={29},
  number={2},
  year={2005}
}

@article{dorigo2003ant,
  title={The ant colony optimization metaheuristic: Algorithms, applications, and advances},
  author={Dorigo, Marco and Stutzle, Thomas},
  journal={International series in operations research and management science},
  pages={251--286},
  year={2003},
  publisher={Springer}
}